%% This BibTeX bibliography file was created using BibDesk.
%% https://bibdesk.sourceforge.io/

%% Created for Andreas Beger at 2022-05-24 12:17:26 +0200 


%% Saved with string encoding Unicode (UTF-8) 



@unpublished{maerz2021framework,
	author = {Maerz, Seraphine M. and Edgell, Amanda B. and Wilson, Matthew C. and Hellmeier, Sebastian and Lindberg, Staffan I.},
	date-added = {2022-05-24 12:15:24 +0200},
	date-modified = {2022-05-24 12:17:06 +0200},
	note = {V-Dem Working Paper 2021:113},
	title = {A Framework for Understanding Regime Transformation: Introducing the ERT Dataset},
	year = {2021}}
