@Unpublished{beger:morgan:maxwell:2020,
  author = {Andreas Beger and Richard K. Morgan and Laura Maxwell},
  title = {Democratic Spaces Barometer},
  year = {2020},
  note = {Technical report prepared for D-Arch},
}

@Unpublished{coppedge:etal:2021,
  title = {V-Dem Methodology v11.1},
  author = {Michael Coppedge and John Gerring and Carl Henrik Knutsen and Staffan I. Lindberg and Jan Teorell and Kyle L. Marquardt and Juraj Medzihorsky and Daniel Pemstein and Nazifa Alizada and Lisa Gastaldi and Garry Hindle and Josefine Pernes and Johannes von R{\"o}mer and Eitan Tzelgov and Yi-ting Wang and Steven Wilson},
  year = {2021},
  note = {Varieties of Democracy (V-Dem) Project},
  url = {https://www.v-dem.net/media/filer_public/4e/1c/4e1c47ae-4800-436a-bbf1-c5fb50798bd3/methodology_v111.pdf},
}

@Manual{edgell:etal:2020,
  title = {Pandemic Backsliding: Democracy During Covid-19 (PanDem), Version 5},
  author = {Amanda B. Edgell and Anna L{\"u}hrmann and Seraphine F. Maerz and Jean Lachapelle and Sandra Grahn and Ana Flavia {Good God} and Martin Lundstedt and Natalia Natsika and Palina Kolvani and Paul Bederke and Shreeya Pillai and Stefanie Kaiser and Abdalhadi Alijla and Tiago Fernandes and Hans Tung and Matthew Wilson and Staffan I. Lindberg},
  year = {2020},
  note = {Varieties of Democracy (V-Dem) Institute, www.v-dem.net/en/our-work/research-projects/pandemic-backsliding/},
}

@Article{greenhill:etal:2011,
  author = {Brian Greenhill and Michael D. Ward and Audrey Sacks},
  journal = {American Journal of Political Science},
  number = {4},
  pages = {991-1002},
  title = {The Separation Plot: {A} New Visual Method for Evaluating the Fit of Binary Data},
  volume = {55},
  year = {2011},
}

@Unpublished{luhrmann:rooney:2020,
  title = {Autocratization by Decree: States of Emergency and Democratic Decline},
  author = {Anna L{\"u}hrmann and Bryan Rooney},
  note = {V-Dem Working Paper 85},
  url = {https://www.v-dem.net/media/filer_public/31/1d/311d5d45-8747-45a4-b46f-37aa7ad8a7e8/wp_85.pdf},
  year = {2020},
}
